<?xml version="1.0" encoding="UTF-8"?>
<record xmlns="http://www.loc.gov/MARC21/slim">
   <leader>01541cam a2200313Ii 4500</leader>
   <controlfield tag="001">6535599</controlfield>
   <controlfield tag="003">NjP</controlfield>
   <controlfield tag="005">20190319172545.0</controlfield>
   <controlfield tag="008">971119s1889    le            000 0 ara d</controlfield>
   <datafield tag="024" ind1="7" ind2=" ">
      <subfield code="a">princeton_aco004722</subfield>
      <subfield code="2">local</subfield>
   </datafield>
   <datafield ind1=" " ind2=" " tag="035">
      <subfield code="a">(OCoLC)ocm37972605</subfield>
   </datafield>
   <datafield ind1=" " ind2=" " tag="040">
      <subfield code="a">CUY</subfield>
      <subfield code="c">CUY</subfield>
      <subfield code="d">OCLCG</subfield>
   </datafield>
   <datafield ind1=" " ind2=" " tag="066">
      <subfield code="c">(3</subfield>
   </datafield>
   <datafield ind1=" " ind2=" " tag="019">
      <subfield code="a">33924546</subfield>
   </datafield>
   <datafield ind1=" " ind2=" " tag="035">
      <subfield code="a">(OCoLC)37972605</subfield>
      <subfield code="z">(OCoLC)33924546</subfield>
   </datafield>
   <datafield ind1=" " ind2="4" tag="050">
      <subfield code="a">PJ7601.A22</subfield>
      <subfield code="b">Y35</subfield>
   </datafield>
   <datafield ind1=" " ind2=" " tag="049">
      <subfield code="a">PULL</subfield>
   </datafield>
   <datafield ind1="1" ind2=" " tag="100">
      <subfield code="6">880-01</subfield>
      <subfield code="a">Yāzijī, Nāṣīf,</subfield>
      <subfield code="d">1800-1871.</subfield>
      <subfield code="0">http://id.loc.gov/authorities/names/n84199426</subfield>
   </datafield>
   <datafield ind1="1" ind2="0" tag="245">
      <subfield code="6">880-02</subfield>
      <subfield code="a">Kitāb al-jumānah fī sharḥ al-khizānah/</subfield>
      <subfield code="c">taʾlīf al-Shaykh Nāṣīf al-Yāzijī; mukhtaṣar bi-qalam waladihī Ibrāhīm al-Yāzijī.</subfield>
   </datafield>
   <datafield ind1="3" ind2=" " tag="246">
      <subfield code="a">Jumānah fī sharḥ al-Khiz ̄</subfield>
   </datafield>
   <datafield ind1=" " ind2=" " tag="260">
      <subfield code="6">880-03</subfield>
      <subfield code="a">Bayrūt :</subfield>
      <subfield code="b">al-Maṭbaʻah al-Adabīyah,</subfield>
      <subfield code="c">1889</subfield>
   </datafield>
   <datafield ind1=" " ind2=" " tag="300">
      <subfield code="a">113 p. ;</subfield>
      <subfield code="c">21 cm.</subfield>
   </datafield>
   <datafield ind1=" " ind2="0" tag="650">
      <subfield code="a">Arabic language</subfield>
      <subfield code="x">Morphology.</subfield>
      <subfield code="0">http://id.loc.gov/authorities/subjects/sh2007101233</subfield>
   </datafield>
   <datafield ind1="1" ind2=" " tag="700">
      <subfield code="6">880-04</subfield>
      <subfield code="a">Yāzijī, Ibrāhīm,</subfield>
      <subfield code="d">1847-1906.</subfield>
      <subfield code="0">http://id.loc.gov/authorities/names/n82032121</subfield>
   </datafield>
   <datafield ind1="1" ind2=" " tag="880">
      <subfield code="6">100-01/(3/r</subfield>
      <subfield code="a">يازجى، ناصيف.</subfield>
   </datafield>
   <datafield ind1="1" ind2="2" tag="880">
      <subfield code="6">240-00/(3/r</subfield>
      <subfield code="a">الجمانة فى شرح الخزانة</subfield>
   </datafield>
   <datafield ind1="1" ind2="0" tag="880">
      <subfield code="6">245-02/(3/r</subfield>
      <subfield code="a">كتاب الجمانة فى شرح الخزانة /</subfield>
      <subfield code="c">تأليف ناصيف اليازجى اللبنانى ؛ مختصر بقلم ولده ابراهيم اليازجى اللبنانى.</subfield>
   </datafield>
   <datafield ind1=" " ind2=" " tag="880">
      <subfield code="6">260-03/(3/r</subfield>
      <subfield code="a">بيروت :</subfield>
      <subfield code="b">المطبعة الأدبية،</subfield>
      <subfield code="c">1889.</subfield>
   </datafield>
   <datafield ind1="1" ind2=" " tag="880">
      <subfield code="6">700-04/(3/r</subfield>
      <subfield code="a">يازجى، ابراهيم.</subfield>
   </datafield>
   <datafield ind1=" " ind2=" " tag="994">
      <subfield code="a">C0</subfield>
      <subfield code="b">PUL</subfield>
   </datafield>
   <datafield ind1=" " ind2=" " tag="902">
      <subfield code="a">jab</subfield>
      <subfield code="b">r</subfield>
      <subfield code="6">a</subfield>
      <subfield code="7">m</subfield>
      <subfield code="d">v</subfield>
      <subfield code="f">0</subfield>
      <subfield code="e">20110425</subfield>
   </datafield>
   <datafield ind1="8" ind2=" " tag="852">
      <subfield code="0">6506665</subfield>
      <subfield code="b">rcppa</subfield>
      <subfield code="h">2276.97.351</subfield>
      <subfield code="x">tr fr f</subfield>
   </datafield>
   <datafield ind1=" " ind2=" " tag="959">
      <subfield code="a">2011-04-25 13:09:42 -0500</subfield>
   </datafield>
</record>
